@book{winterle2014vetores,
  title = {Vetores e Geometria Anal{\'i}tica},
  author = {Paulo Winterle},
  edition = {2},
  year = {2014},
  address = {S{\~a}o Paulo},
  publisher = {Makron},
  isbn = {9788543002392},
  url = {https://books.google.com.br/books?id=UPIyHQAACAAJ},
}

@book{steimbruch1987geometria,
  title = {Geometria Anal{\'i}tica},
  author = {Alfredo Steimbruch and Paulo Winterle},
  edition = {2},
  year = {1987},
  address = {S{\~a}o Paulo},
  publisher = {Pearson Universidades},
  isbn = {9780074504093},
  url = {https://books.google.com.br/books?id=tOLfGwAACAAJ},
}
