@book{alexander2008,
  author = {Alexander, Charles K. and Sadiku, Matthew N. O.},
  title = {Fundamentos de circuitos elétricos},
  edition = {3},
  location = {São Paulo, SP},
  publisher = {McGraw-Hill},
  year = {2008},
  pages = {xxi, 901},
  isbn = {9788585804977}
}

@book{hayt2008,
  author = {Hayt Junior, William Hart and Kemmerly, Jack E. and Durbin, Steven M.},
  title = {Análise de circuitos em engenharia},
  edition = {7},
  location = {São Paulo, SP},
  publisher = {McGraw-Hill},
  year = {2008},
  pages = {xxii, 858},
  isbn = {9788577260218}
}

@book{boylestad2012,
  author = {Boylestad, Robert L.},
  title = {Introdução à análise de circuitos},
  edition = {12},
  location = {São Paulo, SP},
  publisher = {Pearson Prentice Hall},
  year = {2012},
  pages = {xiii, 962},
  isbn = {9788564574205}
}

@book{svoboda2016,
  author = {Svoboda, James A. and Dorf, Richard C.},
  title = {Introdução aos circuitos elétricos},
  edition = {9},
  location = {Rio de Janeiro, RJ},
  publisher = {LTC},
  year = {2016},
  pages = {xx, 873},
  isbn = {9788521630760}
}

@book{nilsson2016,
  author = {Nilsson, James William and Riedel, Susan A.},
  title = {Circuitos elétricos},
  edition = {10},
  location = {São Paulo, SP},
  publisher = {Pearson Education do Brasil},
  year = {2016},
  pages = {873},
  isbn = {9788543004785}
}

@book{irwin2000,
  author = {Irwin, J. David},
  title = {Análise de circuitos em engenharia},
  edition = {4},
  location = {São Paulo, SP},
  publisher = {Makron Books},
  year = {2000},
  pages = {xvi, 848},
  isbn = {8534606935}
}